@inproceedings{kumar20,
  author       = {Eric Kumar},
  title        = {Towards Energy Simulations for Proportionally Designed and Controlled Data Centers},
  year        = {2020},
  booktitle    = {Accepted for Building Simulation and Optimization 2020},
  note     = {Loughborough (UK), 21-23 September 2020}
  }

@inproceedings{kumar20b,
  author       = {E Kumar},
  title        = {Wide Area Network Based Data Center Energy Simulations for Internet Services},
  year        = {2020},
  booktitle    = {Accepted for 11th International Conference on Improving Energy Efficiency in Commercial Buildings and Smart Communities},
  note     = {Frankfurt (Germany),  October, 2020}
  }
 
@inproceedings{andrae15,
 author = "A. Andrae and T. Edler",
 title = "On Global Electricity Usage of Communication Technology: Trends to 2030",
 booktitle = "Challenges",
 volume = "6",
 pages = "117--157",
 year = 2015
}

@book{alcaraz18,
 author = "M. Alcaraz and A. Noshadraven and M. Zgola and R. Kirchain",
 title = "Streamlined life cycle assessment: {A} case study on tablets and integrated circuits",
 publisher = "Journal of {Cleaner} {Production}, no",
 pages = "819--826",
 year = 2018
}
  
@book{ASHRAE90.4,
 author = "ASHRAE.",
 title = "ASHRAE Standard 90.4-2019 - Energy Standard for Data Centers",
 publisher = "ASHRAE",
 address = "Atlanta, GA",
 year = {2019}
}

@manual{ASHRAETC9.9,
 author = "ASHRAE-TC9.9",
 year = 2016,
 title = "Thermal Guidelines for Data Processing Environments, Fourth Edition 2016, {Retrieved:} {January} 02, 2020",
 note = "https://www.ashrae.org/File\%20Library/Technical\%20Resources/Bookstore/ASHRAE_TC0909_Power_White_Paper_22_June_2016_REVISED.pdf",
}

@book{Beatty15,
 author = "Beatty, D.",
 title = "Gaps in Modeling Data Center Energy",
 publisher = "ASHRAE Journal",
 pages = "76-82",
 year = 2015
}

@book{barroso18,
 author = "Barroso, L. A. and Hozle, U. and Ranganathan, P.",
 title = "The Datacenter as a Computer: Designing Warehouse-Scale Machines 3rd ed",
 publisher = "Morgan and Claypool",
 year = 2018
}

@book{barroso13,
 author = "Barroso, L. and Hozle, U. and Clidaras, J.",
 title = "The Datacenter as a Computer: Designing Warehouse-Scale Machines 2nd ed",
 publisher = "Morgan and Claypool",
 year = 2013
}

@book{boyd09,
 author = "S. Boyd",
 title = "Life-Cycle Assessment of Semiconductors; Dissertation Submittal",
 publisher = "University of California Berkeley",
 year = 2009
}

@manual{buildcomputers,
 author = "www.buildcomputers.net",
 year = 2020,
 title = "Power Consumption of PC Components in Watts, 
         {Retrieved:} {May} 05, 2020",
 note = "http://www.buildcomputers.net/power-consumption-of-pc-components.html",
}

@manual{CLEER13,
 author = "LBNL",
 year = 2016,
 title = "Lawrence Berkeley National Lab and North Western University Cloud Energy and Emissions Research Model, CLEER.  
          2013, {Retrieved:} {May} 05, 2020",
 note = "https://www.cleermodel.lbl.gov/.",
}

@manual{crucial,
 author = "www.crucial.com",
 year = 2020,
 title = "How much power does memory use, 
         {Retrieved:} {April} 04, 2020",
 note = "https://www.crucial.com/support/articles-faq-memory/how-much-power-does-memory-use",
}

@article{dayarathna16,
 author = "M. Dayarathna and Y. Wen",
 title = "Data Center Energy Consumption Modeling: A Survey",
 journal = "IEEE Communications \& Tutorial",
 volume = "18",
 number = "1",
 pages = "732--794",
 year = 2016
}

@article{fuchs219,
 author = "H. Fuchs and A. Shehabi and M. Ganeshalingam and L. -B.",
 title = "Descroches",
 journal = "B",
 volume = "servers",
 year = 2019
}


@comment{ This is saved in the Reference folder in the top directory}
@inproceedings{dcmarket19,
 author = "Insight-Partners",
 title = "Data Center Construction Market.
          {Retrieved:} {May} 12, 2020",
 note = "https://www.theinsightpartners.com/reports/data-center-construction-market",
 year = 2019,
}

@article{eia20,
 author = "USEIA",
 title = "U.{S}. {Energy} {Information} {Administration}. {Retrieved:} {May} 05, 2020",
 note = "wwww.eia.gov/international/analysis/country/SGP.",
 year = 2016
}

@article{eia20b,
 author = "USEIA",
 title = "U.{S}. {Energy} {Information} {Administration}. {Retrieved:} {May} 02, 2020",
 note = "wwww.eia.gov/international/analysis/country/NLD.",
 year = 2016
}

@comment{ United States Environmental Protection Agency, "epa.gov," United 
           States Environmental Protection Agency, 2012. [Online]. Available: 
           https://www.epa.gov/chemical-research/tool-reduction-and-assessment-chemicals-and-other-environmental-impacts-traci. 
           [Accessed 04 05 2020].  }
@manual{EPA12,
 author = "United States Environmental Protection Agency",
 title = "Tool for Reduction and Assessment of Chemicals and other Environmental Impacts,
        TRACI. 
        {Retrieved:} {April} 05, 2020",
 note =  = "//www.epa.gov/chemical-research/tool-reduction-and-assessment-chemicals-and-other-environmental-impacts-traci",
}

@inproceedings{hong13,
 author = "C.-Y. Hong and S. Kandula",
 title = "Achieving High Utilization with Software-Driven WAN",
 booktitle = "SIGCOMM'13 {ACM}, Hong Kong",
 year = 2013,
}

@article{IEA17,
 author = "IEA",
 title = "International Energy Data and Statistics. {Retrieved:} {March} 03, 2020",
 address = "www.iea.org/data-and-statistics",
 year = 2017
}

@manual{intel15,
 author = "Intel",
 title = "Intelligent Power Node Manager 3.30 External Interface Using IPMI Document Number 332200-001US",
 note = "https://www.intel.com/content/dam/www/public
 /us/en/documents/technical-specifications/intel-power-node-manager-v3-spec.pdf",
 year = 2015
}

@book{ISO14040,
 author = "International Standards Organization.",
 title = "Environmental management - Life Cycle Assessment - Principles and Framework",
 publisher = "International Standards Organization",
 address = "Switzerland",
 year = {2006}
}

@book{joshi12,
 author = "Y. Joshi and P. Kumar",
 title = "Energy Efficient Thermal Management of Data Centers, New York: Springer Science and Business Media",
 year = 2012
}

@manual{kaggle17,
 author = "Kaggle",
 title = "Web Traffic Time Series Forecasting. 
          {Retrieved:} {January} 08, 2020",
 notes = "https://www.kaggle.com/c/web-traffic-time-series-forecasting/rules",
 year = 2017
}

@manual{kaggle17b,
 author = "Kaggle",
 title = "Computer Parts Dataset. 
          {Retrieved:} {April} 06, 2020",
 notes = "https://www.kaggle.com/iliassekkaf/computers",
 year = 2017
}


@inproceedings{kiani17,
 author = "A. Kiani and N. Ansari",
 title = "On the Fundamental Energy Trade-offs of Geographical Load Balancing",
 journal = "IEEE Communications Magazine, Vols",
 volume = "0163-6804/17",
 pages = "170--175",
 year = 2017
}

@incollection{kline16,
 author = "D. Kline and A. Jones and N. Parshook",
 title = "Holistically Evaluating the Environmental Impacts in Modern Computing Systems",
 booktitle = "2016 Seventh International Green and Sustainable Computing Conference ({IGSC}), Hangzhou, China",
 year = 2016
}

@book{kogge08,
 author = "P. Kogge",
 title = "ExaScale Computing Study: Technology Challenges in Achieving Exascale Systems",
 publisher = "{D}{A}{R}{P}{A}, {Washington}, {D}{C}",
 year = 2008
}

@book{koomey07,
 author = "Koomey, J.",
 title = "Estimating Total Power Consumption by Servers in the {US} and the World",
 publisher = "Berkeley, {CA}: {US} Department of Energy, Lawerence Berkeley National Labs",
 year = 2007
}

@article{koomey08,
 author = "C. Taylor and Jonathon Koomey",
 title = "Estimating the Use and Greenhouse Emissions of Internet Advertising, {IMC} Squared",
 year = 2008
}

@manual{LEED16,
 author = "US Green Building Council USGBC",
 title = "Minimum Energy Performance Data Center Calculator for {LEED} Certification",
 notes = "https://www.usgbc.org/resources/minimum-energy-performance-data-center-calculator",
 year = 2016
}

@book{Li18,
 author = "Li, Y. and Lefurgy, C. and Rajamani K., Allenware, M. and   Silva, G.  and  Ghose, S.  and Heimsoth, D.",
 title = "CapMastro: Exploiting Power Redundancy, Data Center-Wide Priorities, and Stranded Power for Boosting Data Center Performance",
 publisher = "IBM Research Division",
 address = "Austin, TX ",
 year = 2018
}

@manual{marculescu20,
 author = "Marculescu, D.",
 title = "EMC2 Workshop at {NeurlPS}. 
          {Retrieved:} {January} 05, 2020",
 notes = "https://www.emc2-workshop.com/assets/docs/neurips-19/emc2-neurips19-marculescu-talk.pdf ",
 year = 2019
}

@article {Masanet20,
	author = {Masanet, Eric and Shehabi, Arman and Lei, Nuoa and Smith, Sarah and Koomey, Jonathan},
	title = {Recalibrating global data center energy-use estimates},
	volume = {367},
	number = {6481},
	pages = {984--986},
	year = {2020},
	doi = {10.1126/science.aba3758},
	publisher = {American Association for the Advancement of Science},
	issn = {0036-8075},
	URL = {https://science.sciencemag.org/content/367/6481/984},
	eprint = {https://science.sciencemag.org/content/367/6481/984.full.pdf},
	journal = {Science}
}


@incollection{matthews15,
 author = "S. Matthews and C. T. Hendrickson and D. H. Matthews",
 title = "Chapter 8: {LCA} {Screening} via {Economic} {Input}-{Output} {Models}",
 booktitle = "Life {Cycle} {Assessment}: {Quantitative} {Approaches} for {Decisions} {That} {Matter} â€“ lcatextbook.com",
 year = 2015

@article{moriyama18,
 author = "Moriyama, T. and De Magistris and G., Tatsubori and M., Pham and T. -H. and Munawar, A. and Tachibana, R.",
 title = "Reinforcement Learning Testbed for Power-Consumption Optimization",
 conference = "AsiaSim2018.",
 address = "Tokyo",
 year = 2018
}

@article{Mulay18,
 author = "Mulay, V.",
 year = 2018,
 title = "StatePoint {Liquid} {Cooling} system: {A} new, more efficient way to cool a data center. 
          ({Facebook} {Engineering}) 
          {Retrieved:} {January} 02, 2020",
 note = "https://engineering.fb.com/data-center-engineering/statepoint-liquid-cooling/",
}

 @comment{ Cynthia F. Murphy, George A. Kenig, David T. Allen, Jean-Philippe 
           Laurent, and David E. Dyer Environmental Science & Technology 2003 
           37 (23), 5373-5382 DOI: 10.1021/es034434g  }
@book{murphy03,
 author = "Cynthia F. Murphy and George A. Kenig and David T. Allen and Jean-Philippe Laurent and David E. Dyer Environmental Science and Technology",
 title = "37 (23)",
 publisher = "5373-5382 {DOI}: 10",
 year = 2003
}

@comment{ National Renewable Energy Laboratory, "NREL GIthub Energy Plus," 
           01 2020. [Online]. Available: 
           https://github.com/NREL/EnergyPlus/releases?after=TestMacIFW2. 
           [Accessed 21 01 2020].  }
@article{nrel_git,
 author = "National Renewable Energy Laboratory NREL",
 title = "NREL {Github} Energy Plus. {Retrieved:} {January} 02, 2020",
 note = "//github.com/NREL/EnergyPlus/releases",
 year = 2020
}

@comment{ Open-Power-System-Data, "Time Series," Open-Power-System-Data, 05 
           06 2019. [Online]. Available: 
           https://data.open-power-system-data.org/time_series/2019-06-05 
           [Accessed 04 02 2020] }
@article{ospd19,
 author = "Open-Power-System-Data",
note = "https://data.open\-power\-system\-data.org/time\_series/2019\-06\-05",
 title = "Time Series Open-Power-System-Data. {Retrieved:} {April} 02, 2020",

 year = 2019
}

@comment{ O'Sullivan, N. and Ammu, U. and Yazdani, M. (2015). Energy Proportional 
           Power Management for Data Center Applications. DesignCon. Design 
           Con.  }
@article{osullivan15,
 author = "O'Sullivan, N. and Ammu, U. and Yazdani, M.",
 title = "Energy Proportional Power Management for Data Center Applications",
 journal = "DesignCon",
 year = {2015}
}

@comment{ Park, J. (2015). Electrical Design in Data Centers. In Data Center 
           Handbook, First Edition (pp. 217-228). Menlo Park, CA: John Wiley & 
           Sons, Inc.  }
@book{Park15,
 author = "Park, J.",
 title = "Data Center Handbook, First Edition",
 address = "Menlo Park, CA",
 publisher = "John Wiley \& Sons",
 year = {2015}
}

@article{parolini12,
 author = "Parolini, L. and Sinopoli, B. and Bruce, K. and Wang, Z.",
 title = "A Cyber-Physical Systems Approach to Data Center Modeling and Control for Energy Efficiency",
 journal = "Proceedings of the {IEEE}",
 volume = "100",
 number = "1",
 pages = "254--268",
 year = 2012
}

@comment{ J. Platt, O. Pritchard and D. Bryant, "Data Center Construction 
           Market 2019-2024 | Global Industry Overview by Size, Share, Future 
           Demand, Latest Research by Competitors, Segmentation and Regional 
           Forecast," SSRN, 2017 08 2017. }
@article{platt17,
 author = "J. Platt and O. Pritchard and D. Bryant",
 title = "Data Center Construction Market 2019-2024 | Global Industry Overview by Size, Share, Future Demand, Latest Research by Competitors, Segmentation and Regional Forecast",
 journal = "SSRN",
 volume = "08",
 year = 2017
}

 @comment{ A. Shah, C. Bash, R. Sharma, T. Christian and C. Patel, "Evaluating 
           Life-Cycle Environmental Impact of Data Centers," vol. 133, no. 
           031005-1, September, 2011.  }
@article{shah11,
 author = "A. Shah and C. Bash and R. Sharma and T. Christian and C. Patel",
 title = "Evaluating Life-Cycle Environmental Impact of Data Centers",
 volume = "133",
 pages = "031005--1",
 year = 2011
}

@article{ shehabi14,
	year = 2014,
	month = {may},
	publisher = {{IOP} Publishing},
	volume = {9},
	number = {5},
	author = {Arman Shehabi and Ben Walker and Eric Masanet},
	title = {The energy and greenhouse-gas implications of internet video streaming in the United States},
	journal = {Environmental Research Letters},
}

@article{Shehabi16,
author = {Shehabi, Arman},
title = {United {S}tates {D}ata {C}enter {E}nergy {U}sage, {U}nited {S}tates {D}epartment of {E}nergy},
series = {United States Department of Energy},
year = {2016},
publisher = {United States Department of Energy},
address = {Berkeley, CA},
url = {https://eta-publications.lbl.gov/sites/default/files/lbnl-1005775_v2.pdf},
}


@manual{ sin16,
 author = "Singapore-Government",
 title = "Half Hourly System Demand. {Retrieved:} {January} 02, 2020",
 note = "https://data.gov.sg/dataset",
 year = 2016
}

@incollection{srinivasa04,
 author = "S. A. Jayanth Srinivasa",
 title = "The Case for Lifetime Reliability-Aware Microprocessors",
 booktitle = "The 31st International Symposium on Computer Architecture ({ISCA}-04)",
 year = 2004
}

@inproceedings{sushant13,
 author = "J. Sushant and S. Mandal and J. Ong and A. Singh and U. Holzle and A. Vahdat",
 title = "B4: Experience with a Globally-Deployed Software Defined {WAN}",
 booktitle = "SIGCOMM'13 {ACM}, Hong Kong",
 year = 2013
}

@inproceedings{tgg12,
 author = "The Green Grid, TGG",
 title = "Data Center Life Cycle Assessment Guidelines.
          {Retrieved:} {May} 13, 2020",
 note = "https://www.thegreengrid.org/en/resources/library-and-tools/236-Data-Center-Life-Cycle-Assessment-Guidelines",
 year = 2012,
}

  @comment{ R. Tripadi, S. Vignesh, V. Tamarapalli and D. Medhi, "Cost 
           Efficient Design of Fault Tolerant Geo Distributed Datacenters," in 
           IEEE Transactions on Network and Service Management, 2017 }
@incollection{tripadi17,
 author = "R. Tripadi and S. Vignesh and V. Tamarapalli and D. Medhi",
 title = "Cost Efficient Design of Fault Tolerant Geo Distributed Datacenters",
 booktitle = "IEEE Transactions on Network and Service Management",
 year = 2017
}

@article{wei17,
 author = "Wei, T. and Ren, S. and Zhu, Qi.",
 title = "Deep Reinforcement Learning for Joint Datacenter and HVAC Load Control in Distributed Mixed-Use Buildings",
 journal = "{IEEE} {Transactions} on {Sustainable} {Computing} ",
 year = 2017
}

@comment{ Wetter, M., & Noudui, T. (2016). Building Controls Virtual Test Bed 
           User Manual Version 1.6.0. Berkeley, CA: Lawrence Berkeley National 
           Laboratory.  }
@manual{wetter16,
 author = "Wetter, M. and Noudui, T.",
 title = "Building Controls Virtual Test Bed User Manual Version 1",
 address = "Berkeley, CA",
 publisher = "Lawrence Berkeley National Laboratory",
 year = 2016
}

@inproceedings{whitehead15,
 author = "B. Whitehead",
 title = "The life cycle assessment of a {UK} data centre",
 booktitle = "International Journal of Life Cycle Assessments",
 volume = "20",
 pages = "332--349",
 year = 2015
} 

@comment{ Y. Yang, W. Ingerwersen, T. Hawkins, M. Sroka and D. Meyer, 
           "{U}{S}{E}{E}{I}{O}: A new and transparent United States 
           environmentally extended input-output model," Journal of Cleaner 
           Production, vol. 158, pp. 308-318, 2017. }
@article{yang17,
 author = "Y. Yang and W. Ingerwersen and T. Hawkins and M. Sroka and D. Meyer",
 title = "{U}{S}{E}{E}{I}{O}: {A} new and transparent {United} {States} environmentallyextended input-output model",
 journal = "Journal of Cleaner Production",
 volume = "158",
 pages = "308--318",
 year = 2017
}

@comment{ Zhang, Z., Chong, A., Pan , Y., Chenlu, Z., & Khee, L. P. (2019). 
           Whole Building Energy Model for HVAC optimal control: A practical 
           framework based on deep reinforcement learning. Energy and 
           Buildigns, 199, 473-490.  }
@article{zhang19,
 author = "Zhang, Z. and Chong, A. and Pan, Y. and Chenlu, Z. and Khee, L. P.",
 title = "Whole {Building} {Energy} {Model} for {HVAC} optimal control: {A} practical framework based on deep reinforcement learning",
 journal = "Energy and Buildings",
 volume = "199",
 pages = "473--490",
 year = 2019
}

@comment{ Zhuang, Z., Ramachandra, H., Tran, C., Subramaniam, S., Botev, C., 
           Xiong, C., & Sridharan, B. (2015). Capacity Planning and Headroom 
           Analysis for Taming Database Replication Latency. ICPE'15 Jan 
           31-Feb 4. Austin, TX  }
@book{zhuang15,
 author = "Zhuang, Z. and Ramachandra, H. and Tran, C. and Subramaniam, S. and Botev, C. and Xiong, C. and Sridharan, B.",
 title = "Capacity Planning and Headroom Analysis for Taming Database Replication Latency",
 publisher = "ICPE'15 Jan 31-Feb 4",
 year = 2015
}