  @comment{ 窶帰SHRAE. (2019). Standard 90.4-2019 -- Energy Standard for Data 
           Centers. Atlanta, GA: ASHRAE.  }
@book{ASHRAE90.4,
 author = "窶帰SHRAE.",
 title = "窶帰SHRAE Standard 90.4-2019 - Energy Standard for Data Centers",
 publisher = "ASHRAE",
 address = "Atlanta, GA",
 year = {2019}
}

 @comment{ ASHRAE TC9.9. (n.d.). Thermal Guidelines for Data Processing Environments, 
            Fourth Edition. Retrieved January 2, 2020, from 
            https://www.ashrae.org/File%20Library/Technical%20Resources/Bookstore/ASHRAE_TC0909_Power_White_Paper_22_June_2016_REVISED.pdf   }
@manual{ASHRAETC9.9,
 author = "窶帰SHRAE-TC9.9",
 year = 2016,
 title = "Thermal Guidelines for Data Processing Environments, Fourth Edition 
          2016, {Retrieved:} {January} 02, 2020",
 note = "https://www.ashrae.org/File%20Library/Technical%20Resources/Bookstore/ASHRAE_TC0909_Power_White_Paper_22_June_2016_REVISED.pdf",
}

@comment{ Beatty, D. (November, 2015). Gaps in Modeling Data Center Energy. 
           ASHRAE Journal, 76-82.  }
@book{Beatty15,
 author = "Beatty, D.",
 title = "Gaps in Modeling Data Center Energy",
 publisher = "ASHRAE Journal",
 pages = "76--82",
 year = 2015
}

 @comment{ Barroso, L. A., Hozle, U., & Ranganathan, P. (2018). The Datacenter 
           as a Computer: Designing Warehouse-Scale Machines, Third Edition 
           (3rd ed.). Morgan & Claypool }
@book{barroso18,
 author = "Barroso, L. A. and Hozle, U. and Ranganathan, P.",
 title = "The Datacenter as a Computer: Designing Warehouse-Scale Machines 3rd ed",
 publisher = "Morgan and Claypool",
 year = 2018
}

 @comment{ Intel. (2015). Intelligent Power Node Manager 3.30 External 
           Interface Using IPMI Document Number 332200-001US. Intel. }
@manual{intel15,
 author = "Intel",
 title = "Intelligent Power Node Manager 3.30 External Interface Using IPMI Document Number 332200-001US",
 note = "https://www.intel.com/content/dam/www/public
 /us/en/documents/technical-specifications/intel-power-node-manager-v3-spec.pdf",
 year = 2015
}

@book{ joshi12,
 author = "Yogendra Joshi and Pramod Kumar",
 title = "Energy Efficient Thermal Management of Data Centers",
 publisher = "Springer-Verlag New York",
 pages = "169-197",
 year = 2012
}

  @comment{ Koomey, J. (2007). Estimating Total Power Consumption by Servers in 
           the US and the World. Berkeley, CA: US Department of Energy, 
           Lawerence Berkeley National Labs.  }
@book{koomey07,
 author = "Koomey, J.",
 title = "Estimating Total Power Consumption by Servers in the {US} and the World",
 publisher = "Berkeley, {CA}: {US} Department of Energy, Lawerence Berkeley National Labs",
 year = 2007
}

 @comment{ Li, Y. and Lefurgy, C. and Rajamani, K. and  Malcom, A.-W., Silva, G. J., 
           Heimsoth, D., . . . Mutlu, O. (n.d.). CapMastro: Exploitung Power 
           Redundancy, Data Center-Wide Priorities, and Straned Power for 
           Boosting Data Center Performance.  }
@book{Li18,
 author = "Li, Y. and Lefurgy, C. and Rajamani K., Allenware, M. and   Silva, G.  and  Ghose, S.  and Heimsoth, D.",
 title = "CapMastro: Exploitung Power Redundancy, Data Center-Wide Priorities, and Straned Power for Boosting Data Center Performance",
 publisher = "IBM Research Division",
 address = "Austin, TX ",
 year = 2018
}

@manual{liebert20,
 author = "Liebert",
 title = "Liebert DS Thermal Management System, {Retrieved:} {May} 14, 2020",
 note = "https://www.vertiv.com/globalassets/products/thermal\-management/room\-cooling/liebert\-ds\-28\-105kw\-8\-30\-tons\-system\-design\-manual\_01.pdf",
 year = 2020
}

@manual{marculescu20,
 author = "Marculescu, D.",
 title = "EMC2 Workshop at {NeurlPS}. 
          {Retrieved:} {January} 05, 2020",
 notes = "https://www.emc2-workshop.com/assets/docs/neurips-19/emc2-neurips19-marculescu-talk.pdf ",
 year = 2019
}

@comment{ Moriyama , T., De Magistris, G., Tatsubori, M., Pham, T.-H., 
           Munawar, A., & Tachibana, R. (2018). Reinforcement Learning Testbed 
           for Power-Consumption Optimization. AsiaSim2018. Tokyo }
@article{moriyama18,
 author = "Moriyama, T. and De Magistris and G., Tatsubori and M., Pham and T. -H. and Munawar, A. and Tachibana, R.",
 title = "Reinforcement Learning Testbed for Power-Consumption Optimization",
 conference = "AsiaSim2018.",
 address = "Tokyo",
 year = 2018
}

@comment{ Mulay, V. (2018, June 5). StatePoint Liquid Cooling system: A new, 
           more efficient way to cool a data center. (Facebook Engineering) 
           Retrieved January 2, 2020, from 
           https://engineering.fb.com/data-center-engineering/statepoint-liquid-cooling/  }
@manual{Mulay18,
 author = "Mulay, V.",
 year = 2018,
 title = "StatePoint {Liquid} {Cooling} system: {A} new, more efficient way to cool a data center. 
          ({Facebook} {Engineering}) 
          {Retrieved:} {January} 02, 2020",
 note = "https://engineering.fb.com/data-center-engineering/statepoint-liquid-cooling/",
}

@comment{ O'Sullivan, N. and Ammu, U. and Yazdani, M. (2015). Energy Proportional 
           Power Managemetn for Data Center Applications. DesignCon. Design 
           Con.  }
@article{osullivan15,
 author = "O'Sullivan, N. and Ammu, U. and Yazdani, M.",
 title = "Energy Proportional Power Managemetn for Data Center Applications",
 journal = "DesignCon",
 year = {2015}
}

@comment{ Park, J. (2015). Electrical Design in Data Centers. In Data Center 
           Handbook, First Edition (pp. 217-228). Menlo Park, CA: John Wiley & 
           Sons, Inc.  }
@book{Park15,
 author = "Park, J.",
 title = "Data Center Handbook, First Edition",
 address = "Menlo Park, CA",
 publisher = "John Wiley \& Sons",
 year = {2015}
}

@article{parolini12,
 author = "Parolini, L. and Sinopoli, B. and Bruce, K. and Wang, Z.",
 title = "A Cyber-Physical Systsems Approach to Data Center Modelsing and Control for Energy Efficiency",
 journal = "Proceedings of the {IEEE}",
 volume = "100",
 number = "1",
 pages = "254--268",
 year = 2012
}

@techreport{Shehabi16,
author = {Shehabi, Arman},
title = {United {S}tates {D}ata {C}enter {E}nergy {U}sage, {U}nited {S}tates {D}epartment of {E}nergy},
series = {United States Department of Energy},
year = {2016},
publisher = {United States Department of Energy},
address = {Berkeley, CA},
url = {https://eta-publications.lbl.gov/sites/default/files/lbnl-1005775_v2.pdf},
}

@manual{kaggle17,
 author = "Kaggle",
 title = "Web Traffic Time Series Forecasting. 
          {Retrieved:} {January} 08, 2020",
 notes = "kaggle.com/c/web-traffic-time-series-forecasting/rules",
 year = 2017
}

@comment{ US Green Building Council. (2016). Minimum Energy Performance Data 
           Center Calculator for LEED Certification. US Green Building 
           Council.  }
@manual{LEED16,
 author = "US Greenbuilding Council USGBC",
 title = "Minimum Energy Performance Data Center Calculator for {LEED} Certification",
 notes = "https://www.usgbc.org/resources/minimum-energy-performance-data-center-calculator",
 year = 2016
}

@article{wei17,
 author = "Wei, T. and Ren, S. and Zhu, Qi.",
 title = "Deep Reinforcement Learning for JointnDatacenter and HVAC Load Control in Distributed Mixed-Use Buildings",
 journal = "{IEEE} {Transactions} on {Sustainable} {Computing} ",
 year = 2017
}

@comment{ Wetter, M., & Noudui, T. (2016). Building Controls Virtual Test Bed 
           User Manual Version 1.6.0. Berkeley, CA: Lawrence Berkeley National 
           Laboratory.  }
@manual{wetter16,
 author = "Wetter, M. and Noudui, T.",
 title = "Building Controls Virtual Test Bed User Manual Version 1",
 address = "Berkeley, CA",
 publisher = "Lawrence Berkeley National Laboratory",
 year = 2016
}

@comment{ Zhang, Z., Chong, A., Pan , Y., Chenlu, Z., & Khee, L. P. (2019). 
           Whole Building Energy Model for HVAC optimal control: A practical 
           framework based on deep reinforcement learning. Energy and 
           Buildigns, 199, 473-490.  }
@article{zhang19,
 author = "Zhang, Z. and Chong, A. and Pan, Y. and Chenlu, Z. and Khee, L. P.",
 title = "Whole {Building} {Energy} {Model} for {HVAC} optimal control: {A} practical framework based on deep reinforcement learning",
 journal = "Energy and Buildings",
 volume = "199",
 pages = "473--490",
 year = 2019
}

@comment{ Zhuang, Z., Ramachandra, H., Tran, C., Subramaniam, S., Botev, C., 
           Xiong, C., & Sridharan, B. (2015). Capacity Planning and Headroom 
           Analysis for Taming Database Replication Latency. ICPE'15 Jan 
           31-Feb 4. Austin, TX  }
@book{zhuang15,
 author = "Zhuang, Z. and Ramachandra, H. and Tran, C. and Subramaniam, S. and Botev, C. and Xiong, C. and Sridharan, B.",
 title = "Capacity Planning and Headroom Analysis for Taming Database Replication Latency",
 publisher = "ICPE'15 Jan 31-Feb 4",
 year = 2015
}